@article{beukeboom2019stereotypes,
  title={How stereotypes are shared through language: a review and introduction of the aocial categories and stereotypes communication (SCSC) framework},
  author={Beukeboom, Camiel J and Burgers, Christian},
  journal={Review of Communication Research},
  volume={7},
  pages={1--37},
  year={2019},
  publisher={ESP}
}

@inproceedings{buolamwini2018gender,
  title={Gender shades: Intersectional accuracy disparities in commercial gender classification},
  author={Buolamwini, Joy and Gebru, Timnit},
  booktitle={Conference on fairness, accountability and transparency},
  pages={77--91},
  year={2018},
  organization={PMLR}
}


@inproceedings{wortsman2022robust,
  title={Robust fine-tuning of zero-shot models},
  author={Wortsman, Mitchell and Ilharco, Gabriel and Kim, Jong Wook and Li, Mike and Kornblith, Simon and Roelofs, Rebecca and Lopes, Raphael Gontijo and Hajishirzi, Hannaneh and Farhadi, Ali and Namkoong, Hongseok and others},
  booktitle={Proceedings of the IEEE/CVF Conference on Computer Vision and Pattern Recognition},
  pages={7959--7971},
  year={2022}
}

@article{hua2022fine,
  title={Fine-tuning Pre-trained Language Models with Noise Stability Regularization},
  author={Hua, Hang and Li, Xingjian and Dou, Dejing and Xu, Cheng-Zhong and Luo, Jiebo},
  journal={arXiv preprint arXiv:2206.05658},
  year={2022}
}

@article{kong2020calibrated,
  title={Calibrated language model fine-tuning for in-and out-of-distribution data},
  author={Kong, Lingkai and Jiang, Haoming and Zhuang, Yuchen and Lyu, Jie and Zhao, Tuo and Zhang, Chao},
  journal={arXiv preprint arXiv:2010.11506},
  year={2020}
}

@article{sharir2020cost,
  title={The cost of training nlp models: A concise overview},
  author={Sharir, Or and Peleg, Barak and Shoham, Yoav},
  journal={arXiv preprint arXiv:2004.08900},
  year={2020}
}


@misc{OpenAIsG17:online,
author = {},
title = {OpenAI's GPT-3 Language Model: A Technical Overview},
howpublished = {\url{https://lambdalabs.com/blog/demystifying-gpt-3#1}},
month = {},
year = {},
note = {(Accessed on 03/02/2023)}
}

@misc{Pricing84:online,
author = {},
title = {Pricing},
howpublished = {\url{https://openai.com/pricing}},
month = {},
year = {},
note = {(Accessed on 03/02/2023)}
}

@inproceedings{dodge2022measuring,
  title={Measuring the carbon intensity of ai in cloud instances},
  author={Dodge, Jesse and Prewitt, Taylor and Tachet des Combes, Remi and Odmark, Erika and Schwartz, Roy and Strubell, Emma and Luccioni, Alexandra Sasha and Smith, Noah A and DeCario, Nicole and Buchanan, Will},
  booktitle={2022 ACM Conference on Fairness, Accountability, and Transparency},
  pages={1877--1894},
  year={2022}
}

@article{ananthaswamy2023ai,
  title={In AI, is bigger always better?},
  author={Ananthaswamy, Anil},
  journal={Nature},
  volume={615},
  number={7951},
  pages={202--205},
  year={2023}
}

@misc{ChatGPTI90:online,
author = {},
title = {ChatGPT Is Banned in Italy Over Privacy Concerns - The New York Times},
howpublished = {\url{https://www.nytimes.com/2023/03/31/technology/chatgpt-italy-ban.html}},
month = {},
year = {},
note = {(Accessed on 04/23/2023)}
}